<?xml version="1.0" encoding="UTF-8"?><collection xmlns="http://www.loc.gov/MARC21/slim"><record><leader>00266nam--2200121-i-4500</leader><controlfield tag="001">000049639</controlfield><controlfield tag="002">20161230</controlfield><controlfield tag="005">20161230201047</controlfield><controlfield tag="008">060222s1000------------r-----000-0-eng-d</controlfield><datafield ind1=" " ind2=" " tag="100"><subfield code="a">Arbuzov,A.E</subfield></datafield><datafield ind1=" " ind2=" " tag="245"><subfield code="a">Izbrannye trudy</subfield></datafield><datafield ind1=" " ind2=" " tag="260"><subfield code="a">Moskva, 1952. 756 S</subfield></datafield><datafield ind1=" " ind2=" " tag="852"><subfield code="a">1316</subfield></datafield></record></collection>